@Comment{$ biblatex control file $}
@Comment{$ biblatex bcf format version 3.8 $}
% Do not modify this file!
%
% This is an auxiliary file used by the 'biblatex' package.
% This file may safely be deleted. It will be recreated as
% required.

@Control{biblatex-control,
  options = {3.8:0:0:1:0:1:1:0:0:0:0:0:3:3:6:3:0:0:3:1:79:+:+:none},
}
